<record><leader>00000cas a22000007a 4500</leader><controlfield tag="001">14762077</controlfield><controlfield tag="008">861118d19381958pauwr ne      0    0eng d</controlfield><datafield ind1=" " ind2=" " tag="010"><subfield code="a">sn 86082007 </subfield></datafield><datafield ind1=" " ind2=" " tag="040"><subfield code="a">NPH</subfield><subfield code="b">eng</subfield><subfield code="c">NPH</subfield><subfield code="d">OCLCQ</subfield></datafield><datafield ind1=" " ind2=" " tag="042"><subfield code="a">msc</subfield></datafield><datafield ind1="0" ind2="4" tag="245"><subfield code="a">The Sullivan review gazette and herald.</subfield></datafield><datafield ind1="1" ind2="7" tag="246"><subfield code="a">Sullivan review</subfield></datafield><datafield ind1=" " ind2=" " tag="260"><subfield code="a">Dushore, Sullivan County, Pa. :</subfield><subfield code="b">B.T. Martin,</subfield><subfield code="c">1938-1958.</subfield></datafield><datafield ind1=" " ind2=" " tag="300"><subfield code="a">20 v. :</subfield><subfield code="b">ill. ;</subfield><subfield code="c">55 cm.</subfield></datafield><datafield ind1=" " ind2=" " tag="310"><subfield code="a">Weekly</subfield></datafield><datafield ind1="0" ind2=" " tag="362"><subfield code="a">Vol. 61, no. 1 (Jan. 5, 1938)-v. 81, no. 42 (Oct. 16, 1958).</subfield></datafield><datafield ind1=" " ind2=" " tag="500"><subfield code="a">Published every Wednesday.</subfield></datafield><datafield ind1=" " ind2=" " tag="530"><subfield code="a">Also issued in microform from Micro Photo Division of Bell and Howell.</subfield></datafield><datafield ind1=" " ind2=" " tag="752"><subfield code="a">United States</subfield><subfield code="b">Pennsylvania</subfield><subfield code="c">Sullivan</subfield><subfield code="d">Dushore.</subfield></datafield><datafield ind1="0" ind2="0" tag="780"><subfield code="t">Sullivan review and gazette and herald</subfield><subfield code="w">(DLC)sn 86082006</subfield></datafield><datafield ind1="0" ind2="0" tag="785"><subfield code="t">Sullivan review (Dushore, Pa. : 1958)</subfield><subfield code="w">(DLC)sn 86082008</subfield></datafield></record>